@article{tpch,
author = {Poess, Meikel and Nambiar, Raghu},
year = {2010},
month = {01},
pages = {},
title = {TPC Benchmark H Standard Specification},
doi = {10.13140/RG.2.1.1883.9288}
}

@misc{reimers2019sentencebertsentenceembeddingsusing,
      title={Sentence-BERT: Sentence Embeddings using Siamese BERT-Networks}, 
      author={Nils Reimers and Iryna Gurevych},
      year={2019},
      eprint={1908.10084},
      archivePrefix={arXiv},
      primaryClass={cs.CL},
      url={https://arxiv.org/abs/1908.10084}, 
}

@misc{mitchell2025sqlopt,
  author       = {Austin Mitchell},
  title        = {sqlopt: SQL Query Optimizer Using Machine Learning},
  year         = {2025},
  howpublished = {\url{https://github.com/austin-bmitchell15/sqlopt}},
  note         = {Accessed: 2025-04-22}
}
